<record><leader>00000cas a22000007a 4500</leader><controlfield tag="001">19091208</controlfield><controlfield tag="008">890201d19001905mouwr ne      0    0eng d</controlfield><datafield ind1=" " ind2=" " tag="010"><subfield code="a">sn 89066238 </subfield></datafield><datafield ind1=" " ind2=" " tag="040"><subfield code="a">MQN</subfield><subfield code="b">eng</subfield><subfield code="c">MQN</subfield><subfield code="d">OCLCQ</subfield></datafield><datafield ind1=" " ind2=" " tag="042"><subfield code="a">msc</subfield></datafield><datafield ind1="0" ind2=" " tag="130"><subfield code="a">Saline County index (Marshall, Mo.)</subfield></datafield><datafield ind1="1" ind2="0" tag="245"><subfield code="a">Saline County index.</subfield></datafield><datafield ind1=" " ind2=" " tag="260"><subfield code="a">Marshall, Saline County, Mo. :</subfield><subfield code="b">Index Pub. Co.,</subfield><subfield code="c">1900-</subfield></datafield><datafield ind1=" " ind2=" " tag="300"><subfield code="a">v.</subfield></datafield><datafield ind1=" " ind2=" " tag="310"><subfield code="a">Weekly</subfield></datafield><datafield ind1="0" ind2=" " tag="362"><subfield code="a">Vol. 20, no. 9 (Mar. 1, 1900)-</subfield></datafield><datafield ind1="1" ind2=" " tag="362"><subfield code="a">Ceased in 1905?</subfield></datafield><datafield ind1=" " ind2=" " tag="752"><subfield code="a">United States</subfield><subfield code="b">Missouri</subfield><subfield code="c">Saline</subfield><subfield code="d">Marshall.</subfield></datafield><datafield ind1="0" ind2=" " tag="775"><subfield code="t">Marshall daily index</subfield></datafield><datafield ind1="0" ind2="0" tag="780"><subfield code="t">Slater Missouri index</subfield><subfield code="w">(DLC)sn 89066237</subfield></datafield></record>